<record><leader>00000cas a2200000 a 4500</leader><controlfield tag="001">33602470</controlfield><controlfield tag="008">951120d19821987cauwr ne      0    0eng c</controlfield><datafield ind1=" " ind2=" " tag="010"><subfield code="a">sn 95061666 </subfield></datafield><datafield ind1=" " ind2=" " tag="040"><subfield code="a">CNK</subfield><subfield code="b">eng</subfield><subfield code="c">CNK</subfield><subfield code="d">OCLCQ</subfield><subfield code="d">CNK</subfield><subfield code="d">OCLCQ</subfield><subfield code="d">OCLCO</subfield></datafield><datafield ind1="1" ind2=" " tag="029"><subfield code="a">AU@</subfield><subfield code="b">000025864337</subfield></datafield><datafield ind1=" " ind2=" " tag="042"><subfield code="a">pcc</subfield></datafield><datafield ind1=" " ind2=" " tag="043"><subfield code="a">n-us-ca</subfield></datafield><datafield ind1="0" ind2="0" tag="245"><subfield code="a">Beverly Hills West Hollywood sun living.</subfield></datafield><datafield ind1="3" ind2="0" tag="246"><subfield code="a">Sun living</subfield></datafield><datafield ind1=" " ind2=" " tag="260"><subfield code="a">Los Angeles, Calif. :</subfield><subfield code="b">Terrence T. Donnelly</subfield></datafield><datafield ind1=" " ind2=" " tag="300"><subfield code="a">v.</subfield></datafield><datafield ind1=" " ind2=" " tag="310"><subfield code="a">Weekly</subfield></datafield><datafield ind1="0" ind2=" " tag="362"><subfield code="a">Vol. 3, no. 11 (Feb. 3, 1982)-v. 8, no. 33 (July 29, 1987).</subfield></datafield><datafield ind1=" " ind2=" " tag="530"><subfield code="a">Master negatives are available for duplication from:</subfield><subfield code="b">California Newspaper Microfilm Archive;</subfield><subfield code="c">positive copies may be purchased by the reel; for further information consult the CNMA at:</subfield><subfield code="u">http://cbsr.ucr.edu</subfield></datafield><datafield ind1=" " ind2="0" tag="651"><subfield code="a">Beverly Hills (Calif.)</subfield><subfield code="v">Newspapers.</subfield></datafield><datafield ind1=" " ind2="0" tag="651"><subfield code="a">West Hollywood (Los Angeles, Calif.)</subfield><subfield code="v">Newspapers.</subfield></datafield><datafield ind1=" " ind2=" " tag="752"><subfield code="a">United States</subfield><subfield code="b">California</subfield><subfield code="c">Los Angeles</subfield><subfield code="d">Los Angeles.</subfield></datafield><datafield ind1="0" ind2="0" tag="780"><subfield code="t">West Hollywood sun living</subfield><subfield code="w">(DLC)sn 95061525</subfield></datafield><datafield ind1="0" ind2="7" tag="785"><subfield code="t">Hollywood independent</subfield><subfield code="w">(DLC)sn 95061024</subfield></datafield><datafield ind1="0" ind2="7" tag="785"><subfield code="t">Wilshire press</subfield><subfield code="w">(DLC)sn 95061513</subfield></datafield><datafield ind1="0" ind2="7" tag="785"><subfield code="t">Wilshire independent</subfield><subfield code="w">(DLC)sn 95061524</subfield></datafield><datafield ind1="0" ind2="7" tag="785"><subfield code="t">Griffith Park news</subfield><subfield code="w">(DLC)sn 95061526</subfield></datafield><datafield ind1="0" ind2="7" tag="785"><subfield code="t">Parkside journal</subfield><subfield code="w">(DLC)sn 95061527</subfield></datafield><datafield ind1="0" ind2="7" tag="785"><subfield code="t">Northwest leader</subfield><subfield code="w">(DLC)sn 95061528</subfield></datafield><datafield ind1="0" ind2="7" tag="785"><subfield code="t">Los Angeles city news</subfield><subfield code="w">(DLC)sn 95061533</subfield></datafield><datafield ind1="0" ind2="7" tag="785"><subfield code="t">Los Angeles city press</subfield><subfield code="w">(DLC)sn 95061534</subfield></datafield><datafield ind1="0" ind2="7" tag="785"><subfield code="t">Westlake post</subfield><subfield code="w">(DLC)sn 95061535</subfield></datafield><datafield ind1="0" ind2="7" tag="785"><subfield code="t">Feliz Hills news</subfield><subfield code="w">(DLC)sn 95061536</subfield></datafield><datafield ind1="0" ind2="7" tag="785"><subfield code="t">Los Angeles independent</subfield><subfield code="w">(DLC)sn2008060137</subfield></datafield></record>